Automatically generated by Mendeley Desktop 1.18
Any changes to this file will be lost if it is regenerated by Mendeley.

BibTeX export options can be customized via Options -> BibTeX in Mendeley Desktop

@phdthesis{Warburton2020,
author = {Warburton, Jasmine},
school = {Newcastle University},
title = {{The Merging of the GOAT and THOUGHT vowels in Tyneside English: Evidence from Production and Perception}},
year = {2020}
}
@article{Sampson1985,
author = {Sampson, Rodney},
journal = {Anglia-Zeitschrift f$\backslash$"ur englische Philologie},
pages = {282--296},
title = {{The `GOAT split': a phonological puzzle in one variety of English}},
volume = {103},
year = {1985}
}
@article{Sampson1985,
author = {Sampson, Rodney},
journal = {Anglia-Zeitschrift f$\backslash$"ur englische Philologie},
pages = {282--296},
title = {{The `$\backslash$textsc{\{}Goat{\}} split': a phonological puzzle in one variety of {\{}English{\}}}},
volume = {103},
year = {1985}
}
@article{Baranowski2017,
author = {Baranowski, Maciej},
doi = {10.1017/S0954394517000217},
issn = {0954-3945},
journal = {Language Variation and Change},
number = {3},
pages = {301--339},
title = {{Class matters: the sociolinguistics of $\backslash$textsc{\{}goose{\}} and $\backslash$textsc{\{}goat{\}} in Manchester English}},
volume = {29},
year = {2017}
}
@article{Sampson1985,
author = {Sampson, Rodney},
journal = {Anglia-Zeitschrift f$\backslash$"ur englische Philologie},
pages = {282--296},
title = {{The `$\backslash$textsc{\{}Goat{\}} split': a phonological puzzle in one variety of {\{}English{\}}}},
volume = {103},
year = {1985}
}
@article{Baranowski2017,
author = {Baranowski, Maciej},
doi = {10.1017/S0954394517000217},
issn = {0954-3945},
journal = {Language Variation and Change},
number = {3},
pages = {301--339},
title = {{Class matters: the sociolinguistics of $\backslash$textsc{\{}goose{\}} and $\backslash$textsc{\{}goat{\}} in Manchester English}},
volume = {29},
year = {2017}
}
@article{Baranowski2017,
author = {Baranowski, Maciej},
doi = {10.1017/S0954394517000217},
issn = {0954-3945},
journal = {Language Variation and Change},
number = {3},
pages = {301--339},
title = {{Class matters: the sociolinguistics of $\backslash$textsc{\{}goose{\}} and $\backslash$textsc{\{}goat{\}} in Manchester English}},
volume = {29},
year = {2017}
}
@article{Baranowski2017,
author = {Baranowski, Maciej},
doi = {10.1017/S0954394517000217},
issn = {0954-3945},
journal = {Language Variation and Change},
number = {3},
pages = {301--339},
title = {{Class matters: the sociolinguistics of $\backslash$textsc{\{}goose{\}} and $\backslash$textsc{\{}goat{\}} in Manchester English}},
volume = {29},
year = {2017}
}
@article{Baranowski2017,
author = {Baranowski, Maciej},
doi = {10.1017/S0954394517000217},
issn = {0954-3945},
journal = {Language Variation and Change},
number = {3},
pages = {301--339},
title = {{Class matters: the sociolinguistics of $\backslash$textsc{\{}goose{\}} and $\backslash$textsc{\{}goat{\}} in Manchester English}},
volume = {29},
year = {2017}
}
@article{Baranowski2017,
author = {Baranowski, Maciej},
doi = {10.1017/S0954394517000217},
issn = {0954-3945},
journal = {Language Variation and Change},
number = {3},
pages = {301--339},
title = {{Class matters: the sociolinguistics of $\backslash$textsc{\{}goose{\}} and $\backslash$textsc{\{}goat{\}} in Manchester English}},
volume = {29},
year = {2017}
}
