Automatically generated by Mendeley Desktop 1.19.4
Any changes to this file will be lost if it is regenerated by Mendeley.

BibTeX export options can be customized via Options -> BibTeX in Mendeley Desktop

@article{Baranowski2017,
author = {Baranowski, Maciej},
doi = {10.1017/S0954394517000217},
file = {:C$\backslash$:/Users/Caitlin/OneDrive/Documents/Mendeley docs/Baranowski{\_}2017.pdf:pdf},
issn = {0954-3945},
journal = {Language Variation and Change},
number = {3},
pages = {301--339},
title = {{Class matters: the sociolinguistics of $\backslash$textsc{\{}goose{\}} and $\backslash$textsc{\{}goat{\}} in Manchester English}},
volume = {29},
year = {2017}
}
@article{Baranowski2017,
author = {Baranowski, Maciej},
doi = {10.1017/S0954394517000217},
file = {:C$\backslash$:/Users/Caitlin/OneDrive/Documents/Mendeley docs/Baranowski{\_}2017.pdf:pdf},
issn = {0954-3945},
journal = {Language Variation and Change},
number = {3},
pages = {301--339},
title = {{Class matters: the sociolinguistics of $\backslash$textsc{\{}goose{\}} and $\backslash$textsc{\{}goat{\}} in Manchester English}},
volume = {29},
year = {2017}
}
