Automatically generated by Mendeley Desktop 1.19.4
Any changes to this file will be lost if it is regenerated by Mendeley.

BibTeX export options can be customized via Options -> BibTeX in Mendeley Desktop

@book{Trudgill2002a,
address = {Edinburgh},
author = {Trudgill, Peter},
publisher = {Edinburgh University Press},
title = {{Sociolinguistic Variation and Change}},
year = {2002}
}
@incollection{Tagliamonte2006ch,
address = {Cambridge},
author = {Tagliamonte, Sali A.},
booktitle = {Analysing Sociolinguistic Variation},
chapter = {3},
file = {:C$\backslash$:/Users/Caitlin/OneDrive/Documents/Mendeley docs/Tagliamonte{\_}2006{\_}ch3.pdf:pdf},
pages = {37--49},
publisher = {Cambridge University Press},
title = {{The sociolinguistic interview}},
year = {2006}
}
@misc{FAVE,
author = {Rosenfelder, Ingrid and Fruehwald, Josef and Evanini, Keelan and Seyfarth, Scott and Gorman, Kyle and Prichard, Hilary and Yuan, Jiahong},
doi = {10.5281/zenodo.22281},
title = {{FAVE (Forced Alignment and Vowel Extraction) Program Suite}},
year = {2014}
}
@misc{CLOx,
author = {Wassink, A.B and Squizzero, R and Fellin, C and Nichols, D.N},
title = {{Client Libraries Oxford (CLOx) [computer software]}},
url = {https://clox.ling.washington.edu},
year = {2018}
}
@misc{ELAN,
address = {Nijmegen},
author = {{Max Planck Institute for Psycholinguistics}},
title = {{ELAN}},
url = {https://tla.mpi.nl/tools/tla-tools/elan/},
year = {2008}
}
@misc{DECTE,
author = {Corrigan, Karen P. and Buchstaller, Isabelle and Mearns, Adam and Moisl, Hermann},
publisher = {Newcastle University},
title = {{The Diachronic Electronic Corpus of Tyneside English}},
url = {https://research.ncl.ac.uk/decte},
year = {2012}
}
@book{Tagliamonte2006,
address = {Cambridge New York},
author = {Tagliamonte, Sali A. and Mesthrie, Rajend},
publisher = {Cambridge University Press},
title = {{Analysing Sociolinguistic Variation}},
year = {2006}
}
@book{Ellis89,
address = {London},
author = {Ellis, A},
publisher = {Asher {\&} co.},
title = {{On Early English Pronunciation}},
year = {1889}
}
