Automatically generated by Mendeley Desktop 1.19.3
Any changes to this file will be lost if it is regenerated by Mendeley.

BibTeX export options can be customized via Options -> BibTeX in Mendeley Desktop

@article{Fabricius2002c,
author = {Fabricius, Anne H.},
file = {:C$\backslash$:/Users/Caitlin/AppData/Local/Mendeley Ltd./Mendeley Desktop/Downloaded/Fabricius - 2002 - RP as sociolinguistic object.pdf:pdf},
journal = {Nordic Journal of English Studies},
number = {2},
pages = {355--372},
title = {{RP as sociolinguistic object}},
volume = {1},
year = {2002}
}
