Automatically generated by Mendeley Desktop 1.19.4
Any changes to this file will be lost if it is regenerated by Mendeley.

BibTeX export options can be customized via Options -> BibTeX in Mendeley Desktop

@article{Britain2017,
author = {Britain, David},
doi = {10.1080/10350330.2017.1301794},
file = {:C$\backslash$:/Users/Caitlin/OneDrive/Documents/Mendeley docs/Britain{\_}2017.pdf:pdf},
issn = {14701219},
journal = {Social Semiotics},
keywords = {Received Pronunciation,accents,dialectology,elites,sociolinguistics,standardisation},
number = {3},
pages = {288--298},
publisher = {Taylor {\&} Francis},
title = {{Beyond the "gentry aesthetic": elites, Received Pronunciation and the dialectological gaze}},
volume = {27},
year = {2017}
}
@book{Wells1982b,
address = {Cambridge},
author = {Wells, J. C.},
publisher = {Cambridge University Press},
title = {{Accents of English 2: The British Isles}},
year = {1982}
}
@article{Fabricius2002a,
author = {Fabricius, Anne H.},
file = {:C$\backslash$:/Users/Caitlin/AppData/Local/Mendeley Ltd./Mendeley Desktop/Downloaded/Fabricius - 2002 - RP as sociolinguistic object.pdf:pdf},
journal = {Nordic Journal of English Studies},
number = {2},
pages = {355--372},
title = {{RP as sociolinguistic object}},
volume = {1},
year = {2002}
}
