@inproceedings{Halfacre2019,
author = {Halfacre, Caitlin and Khattab, Ghada},
booktitle = {Proceedings of the 19th International Congress of Phonetic Sciences (ICPhS 2019)},
file = {:C$\backslash$:/Users/Caitlin/OneDrive/Documents/Mendeley docs/Halfacre{\&}Khattab{\_}2019.pdf:pdf},
keywords = {English,Received Pronunciation,phonology,social class,sociophonetics},
pages = {2665--2669},
title = {{{North}-{South} dividers in privately educated speakers: a Sociolinguistic study of {Received Pronunciation} using the {\textsc{foot-strut}} and {\textsc{trap-bath}} distinctions in the {North East} and {South East} of {England}}},
year = {2019}
}
