Automatically generated by Mendeley Desktop 1.19.4
Any changes to this file will be lost if it is regenerated by Mendeley.

BibTeX export options can be customized via Options -> BibTeX in Mendeley Desktop

@book{Wells1982b,
address = {Cambridge},
author = {Wells, J. C.},
publisher = {Cambridge University Press},
title = {{Accents of English 2: The British Isles}},
year = {1982}
}
@article{Fabricius2002a,
author = {Fabricius, Anne H.},
file = {:C$\backslash$:/Users/Caitlin/AppData/Local/Mendeley Ltd./Mendeley Desktop/Downloaded/Fabricius - 2002 - RP as sociolinguistic object.pdf:pdf},
journal = {Nordic Journal of English Studies},
number = {2},
pages = {355--372},
title = {{RP as sociolinguistic object}},
volume = {1},
year = {2002}
}
@phdthesis{Hannisdal2006,
annote = {http://bora.uib.no/handle/1956/2335

GOAT allophony - 104
154},
author = {Hannisdal, Bente Rebecca},
file = {:C$\backslash$:/Users/Caitlin/OneDrive/Documents/Mendeley docs/Hannisdal{\_}2006.pdf:pdf},
isbn = {978-82-308-0352-3 (print version)},
school = {University of Bergen},
title = {{Variability and change in Received Pronunciation A study of six phonological variables in the speech of television newsreaders}},
year = {2006}
}
@book{Wells1982a,
address = {Cambridge},
author = {Wells, J. C.},
publisher = {Cambridge University Press},
title = {{Accents of English: 1 An Introduction}},
year = {1982}
}
@article{Macaulay1988,
author = {Macaulay, Ronald},
file = {:C$\backslash$:/Users/Caitlin/AppData/Local/Mendeley Ltd./Mendeley Desktop/Downloaded/Macaulay - 1988 - RP R.I.P.pdf:pdf},
journal = {Applied Linguistics},
number = {2},
pages = {115--124},
title = {{RP R.I.P.}},
url = {https://doi.org/10/1093/applin/9/2/115},
volume = {9},
year = {1988}
}
@book{Trudgill2002a,
address = {Edinburgh},
author = {Trudgill, Peter},
publisher = {Edinburgh University Press},
title = {{Sociolinguistic Variation and Change}},
year = {2002}
}
