Automatically generated by Mendeley Desktop 1.18
Any changes to this file will be lost if it is regenerated by Mendeley.

BibTeX export options can be customized via Options -> BibTeX in Mendeley Desktop

@book{Trudgill2002a,
address = {Edinburgh},
author = {Trudgill, Peter},
publisher = {Edinburgh University Press},
title = {{Sociolinguistic Variation and Change}},
year = {2002}
}
@book{Jones1917,
address = {Cambridge},
author = {Jones, Daniel},
publisher = {Cambridge University Press},
title = {{An English Pronouncing Dictionary}},
year = {1917}
}
@book{Wells1982a,
address = {Cambridge},
author = {Wells, J. C.},
publisher = {Cambridge University Press},
title = {{Accents of English: 1 An Introduction}},
year = {1982}
}
