Automatically generated by Mendeley Desktop 1.18
Any changes to this file will be lost if it is regenerated by Mendeley.

BibTeX export options can be customized via Options -> BibTeX in Mendeley Desktop

@inproceedings{Kiparsky1981,
address = {Seoul},
annote = {From Duplicate 1 (Lexical Morphology and Phonology - Kiparsky, Paul)

From Duplicate 1 (Lexical Morphology and Phonology - Kiparsky, Paul)

From Duplicate 2 (Lexical Morphology and Phonology - Kiparsky, Paul)

http://lolita.unice.fr/{\~{}}scheer/interface/Kiparsky{\_}82{\%}20Lexical{\%}20morphology{\%}20and{\%}20phonology.pdf

From Duplicate 2 (Lexical Morphology and Phonology - Kiparsky, Paul)

http://lolita.unice.fr/{\~{}}scheer/interface/Kiparsky{\_}82{\%}20Lexical{\%}20morphology{\%}20and{\%}20phonology.pdf

From Duplicate 3 (Lexical Morphology and Phonology - Kiparsky, Paul)

From Duplicate 2 (Lexical Morphology and Phonology - Kiparsky, Paul)

http://lolita.unice.fr/{\~{}}scheer/interface/Kiparsky{\_}82{\%}20Lexical{\%}20morphology{\%}20and{\%}20phonology.pdf},
author = {Kiparsky, Paul},
booktitle = {Linguistics in the morning calm: selected papers from SICOL-1981},
editor = {of Korea, In-Seok Yang for the Linguistic Society},
pages = {3--91},
publisher = {Hanshin Publishing Company},
title = {{Lexical Morphology and Phonology}},
volume = {1},
year = {1981}
}
@inproceedings{Kiparsky1982,
address = {Seoul},
annote = {From Duplicate 1 (Lexical Morphology and Phonology - Kiparsky, Paul)

From Duplicate 2 (Lexical Morphology and Phonology - Kiparsky, Paul)

http://lolita.unice.fr/{\~{}}scheer/interface/Kiparsky{\_}82{\%}20Lexical{\%}20morphology{\%}20and{\%}20phonology.pdf

From Duplicate 2 (Lexical Morphology and Phonology - Kiparsky, Paul)

http://lolita.unice.fr/{\~{}}scheer/interface/Kiparsky{\_}82{\%}20Lexical{\%}20morphology{\%}20and{\%}20phonology.pdf},
author = {Kiparsky, Paul},
booktitle = {Linguistics in the morning calm: selected papers from SICOL-1981},
editor = {of Korea, In-Seok Yang for the Linguistic Society},
pages = {3--91},
publisher = {Hanshin Publishing Company},
title = {{Lexical Morphology and Phonology}},
volume = {1},
year = {1982}
}
@article{Harris1989,
abstract = {Lexical Phonologists have made a number of claims that are directly relevant to the study of sound change in progress, two of which I wish to examine here. First, phonetically gradient patterns of variation are alleged to be controlled by rules which operate outside the lexicon. Second, phonological rules applying within the lexicon may only refer to feature values that are already marked in underlying representations. This paper sets out to test these claims against empirical data of the sort that have been reported in the sociolinguistic literature. While the first claim appears to be in tune with some informal analyses already offered by sociolinguists, the second is contradicted by at least some of the evidence.},
author = {Harris, John},
doi = {10.1017/S0022226700012093},
issn = {14697742},
journal = {Journal of Linguistics},
number = {1},
pages = {35--56},
publisher = {Newcastle University},
title = {{Towards a lexical analysis of sound change in progress}},
volume = {25},
year = {1989}
}
@inproceedings{Kiparsky1982,
address = {Seoul},
annote = {From Duplicate 1 (Lexical Morphology and Phonology - Kiparsky, Paul)

From Duplicate 1 (Lexical Morphology and Phonology - Kiparsky, Paul)

From Duplicate 1 (Lexical Morphology and Phonology - Kiparsky, Paul)

From Duplicate 1 (Lexical Morphology and Phonology - Kiparsky, Paul)

From Duplicate 2 (Lexical Morphology and Phonology - Kiparsky, Paul)

http://lolita.unice.fr/{\~{}}scheer/interface/Kiparsky{\_}82{\%}20Lexical{\%}20morphology{\%}20and{\%}20phonology.pdf

From Duplicate 2 (Lexical Morphology and Phonology - Kiparsky, Paul)

http://lolita.unice.fr/{\~{}}scheer/interface/Kiparsky{\_}82{\%}20Lexical{\%}20morphology{\%}20and{\%}20phonology.pdf

From Duplicate 3 (Lexical Morphology and Phonology - Kiparsky, Paul)

From Duplicate 2 (Lexical Morphology and Phonology - Kiparsky, Paul)

http://lolita.unice.fr/{\~{}}scheer/interface/Kiparsky{\_}82{\%}20Lexical{\%}20morphology{\%}20and{\%}20phonology.pdf

From Duplicate 2 (Lexical Morphology and Phonology - Kiparsky, Paul)

http://lolita.unice.fr/{\~{}}scheer/interface/Kiparsky{\_}82{\%}20Lexical{\%}20morphology{\%}20and{\%}20phonology.pdf

From Duplicate 2 (Lexical Morphology and Phonology - Kiparsky, Paul)

From Duplicate 1 (Lexical Morphology and Phonology - Kiparsky, Paul)

From Duplicate 2 (Lexical Morphology and Phonology - Kiparsky, Paul)

http://lolita.unice.fr/{\~{}}scheer/interface/Kiparsky{\_}82{\%}20Lexical{\%}20morphology{\%}20and{\%}20phonology.pdf

From Duplicate 2 (Lexical Morphology and Phonology - Kiparsky, Paul)

http://lolita.unice.fr/{\~{}}scheer/interface/Kiparsky{\_}82{\%}20Lexical{\%}20morphology{\%}20and{\%}20phonology.pdf},
author = {Kiparsky, Paul},
booktitle = {Linguistics in the morning calm: selected papers from SICOL-1981},
editor = {of Korea, In-Seok Yang for the Linguistic Society},
pages = {3--91},
publisher = {Hanshin Publishing Company},
title = {{Lexical Morphology and Phonology}},
volume = {1},
year = {1982}
}
@inproceedings{Kiparsky1982b,
address = {Seoul},
annote = {From Duplicate 1 (Lexical Morphology and Phonology - Kiparsky, Paul)

From Duplicate 1 (Lexical Morphology and Phonology - Kiparsky, Paul)

From Duplicate 1 (Lexical Morphology and Phonology - Kiparsky, Paul)

From Duplicate 2 (Lexical Morphology and Phonology - Kiparsky, Paul)

http://lolita.unice.fr/{\~{}}scheer/interface/Kiparsky{\_}82{\%}20Lexical{\%}20morphology{\%}20and{\%}20phonology.pdf

From Duplicate 2 (Lexical Morphology and Phonology - Kiparsky, Paul)

http://lolita.unice.fr/{\~{}}scheer/interface/Kiparsky{\_}82{\%}20Lexical{\%}20morphology{\%}20and{\%}20phonology.pdf

From Duplicate 3 (Lexical Morphology and Phonology - Kiparsky, Paul)

From Duplicate 2 (Lexical Morphology and Phonology - Kiparsky, Paul)

http://lolita.unice.fr/{\~{}}scheer/interface/Kiparsky{\_}82{\%}20Lexical{\%}20morphology{\%}20and{\%}20phonology.pdf

From Duplicate 2 (Lexical Morphology and Phonology - Kiparsky, Paul)

http://lolita.unice.fr/{\~{}}scheer/interface/Kiparsky{\_}82{\%}20Lexical{\%}20morphology{\%}20and{\%}20phonology.pdf},
author = {Kiparsky, Paul},
booktitle = {Linguistics in the morning calm: selected papers from SICOL-1981},
editor = {of Korea, In-Seok Yang for the Linguistic Society},
pages = {3--91},
publisher = {Hanshin Publishing Company},
title = {{Lexical Morphology and Phonology}},
volume = {1},
year = {1982}
}
