Automatically generated by Mendeley Desktop 1.19.3
Any changes to this file will be lost if it is regenerated by Mendeley.

BibTeX export options can be customized via Options -> BibTeX in Mendeley Desktop

@incollection{Krug2013,
address = {Cambridge},
author = {Krug, Manfred and Sell, Katrin},
booktitle = {Research Methods in Language Variation and Change},
chapter = {4},
editor = {Krug, Manfred and Schl{\"{u}}ter, Julia},
publisher = {Cambridge University Press},
title = {{Designing and conducting interviews and questionnaires}},
year = {2013}
}
@inproceedings{Mackenzie2013,
author = {Mackenzie, Laurel and Turton, Danielle},
booktitle = {New Ways of Analyzing Variation (NWAV) 42},
file = {:C$\backslash$:/Users/Caitlin/OneDrive/Documents/Mendeley docs/MacKenzieandTurton{\_}2013.pdf:pdf},
number = {October},
title = {{Crossing the pond: Extending automatic alignment techniques to British English dialect data}},
year = {2013}
}
@incollection{Tagliamonte2006ch,
address = {Cambridge},
author = {Tagliamonte, Sali A.},
booktitle = {Analysing Sociolinguistic Variation},
chapter = {3},
file = {:C$\backslash$:/Users/Caitlin/OneDrive/Documents/Mendeley docs/Tagliamonte{\_}2006{\_}ch3.pdf:pdf},
pages = {37--49},
publisher = {Cambridge University Press},
title = {{The sociolinguistic interview}},
year = {2006}
}
@book{Tagliamonte2006,
address = {Cambridge New York},
author = {Tagliamonte, Sali A. and Mesthrie, Rajend},
publisher = {Cambridge University Press},
title = {{Analysing Sociolinguistic Variation}},
year = {2006}
}
@incollection{Tagliamonte2013,
address = {Cambridge; New York},
author = {Tagliamonte, Sali A.},
booktitle = {Research Methods in Language Variation and Change2},
chapter = {20},
pages = {383--401},
publisher = {Cambridge University Press},
title = {{Analysing and interpreting vatiaion in the sociolinguistic tradition}},
year = {2013}
}
@book{Morrison2013,
address = {Heidelberg, New York, Dordrecht, London},
annote = {AIM - challenge longstanding understanding of identification of vowels
hVd is meant to be neutral environment
problem with paper - don't give any answer to acoustic analysis problems},
author = {Morrison, Geoffrey Stewart and Assmann, Peter F.},
file = {:C$\backslash$:/Users/Caitlin/OneDrive/Documents/Mendeley docs/MorrisonandAssman{\_}2013.pdf:pdf},
isbn = {9783642142086},
publisher = {Springer},
title = {{Vowel Inherent Spectral Change}},
year = {2013}
}
@misc{FAVE,
author = {Rosenfelder, Ingrid and Fruehwald, Josef and Evanini, Keelan and Seyfarth, Scott and Gorman, Kyle and Prichard, Hilary and Yuan, Jiahong},
doi = {10.5281/zenodo.22281},
title = {{FAVE (Forced Alignment and Vowel Extraction) Program Suite}},
year = {2014}
}
@book{DiPaolo2011,
address = {London},
author = {{Di Paolo}, Marianna and Yaeger-Dror, Malcah},
publisher = {Routledge},
title = {{Sociophonetics: A student's guide}},
year = {2011}
}
