Automatically generated by Mendeley Desktop 1.19.3
Any changes to this file will be lost if it is regenerated by Mendeley.

BibTeX export options can be customized via Options -> BibTeX in Mendeley Desktop

@book{Rowling2007,
address = {London},
author = {Rowling, J.K.},
publisher = {Bloomsbury},
title = {{Harry Potter and the Deathly Hallows}},
year = {2007}
}
