Automatically generated by Mendeley Desktop 1.18
Any changes to this file will be lost if it is regenerated by Mendeley.

BibTeX export options can be customized via Options -> BibTeX in Mendeley Desktop

@inproceedings{Halfacre2019,
author = {Halfacre, Caitlin and Khattab, Ghada},
booktitle = {Proceedings of the 19th International Congress of Phonetic Sciences (ICPhS 2019)},
keywords = {English,Received Pronunciation,phonology,social class,sociophonetics},
pages = {2665--2669},
title = {{{\{}North-South{\}} dividers in privately educated speakers: a Sociolinguistic study of {\{}Received Pronunciation{\}} using the {\{}$\backslash$textsc{\{}foot-strut{\}}{\}} and {\{}$\backslash$textsc{\{}trap-bath{\}}{\}} distinctions in the {\{}North East{\}} and {\{}South East{\}} of {\{}England{\}}}},
year = {2019}
}
@inproceedings{Halfacre2019,
author = {Halfacre, Caitlin and Khattab, Ghada},
booktitle = {Proceedings of the 19th International Congress of Phonetic Sciences (ICPhS 2019)},
keywords = {English,Received Pronunciation,phonology,social class,sociophonetics},
pages = {2665--2669},
title = {{{\{}North-South{\}} dividers in privately educated speakers: a Sociolinguistic study of {\{}Received Pronunciation{\}} using the {\{}$\backslash$textsc{\{}foot-strut{\}}{\}} and {\{}$\backslash$textsc{\{}trap-bath{\}}{\}} distinctions in the {\{}North East{\}} and {\{}South East{\}} of {\{}England{\}}}},
year = {2019}
}
@inproceedings{Halfacre2019,
author = {Halfacre, Caitlin and Khattab, Ghada},
booktitle = {Proceedings of the 19th International Congress of Phonetic Sciences (ICPhS 2019)},
keywords = {English,Received Pronunciation,phonology,social class,sociophonetics},
pages = {2665--2669},
title = {{{\{}North-South{\}} dividers in privately educated speakers: a Sociolinguistic study of {\{}Received Pronunciation{\}} using the {\{}$\backslash$textsc{\{}foot-strut{\}}{\}} and {\{}$\backslash$textsc{\{}trap-bath{\}}{\}} distinctions in the {\{}North East{\}} and {\{}South East{\}} of {\{}England{\}}}},
year = {2019}
}
@inproceedings{Halfacre2019,
author = {Halfacre, Caitlin and Khattab, Ghada},
booktitle = {Proceedings of the 19th International Congress of Phonetic Sciences (ICPhS 2019)},
keywords = {English,Received Pronunciation,phonology,social class,sociophonetics},
pages = {2665--2669},
title = {{{\{}North-South{\}} dividers in privately educated speakers: a Sociolinguistic study of {\{}Received Pronunciation{\}} using the {\{}$\backslash$textsc{\{}foot-strut{\}}{\}} and {\{}$\backslash$textsc{\{}trap-bath{\}}{\}} distinctions in the {\{}North East{\}} and {\{}South East{\}} of {\{}England{\}}}},
year = {2019}
}
@inproceedings{Halfacre2019,
author = {Halfacre, Caitlin and Khattab, Ghada},
booktitle = {Proceedings of the 19th International Congress of Phonetic Sciences (ICPhS 2019)},
keywords = {English,Received Pronunciation,phonology,social class,sociophonetics},
pages = {2665--2669},
title = {{{\{}North-South{\}} dividers in privately educated speakers: a Sociolinguistic study of {\{}Received Pronunciation{\}} using the $\backslash$textsc{\{}foot-strut{\}} and $\backslash$textsc{\{}trap-bath{\}} distinctions in the {\{}North East{\}} and {\{}South East{\}} of {\{}England{\}}}},
year = {2019}
}
