Automatically generated by Mendeley Desktop 1.18
Any changes to this file will be lost if it is regenerated by Mendeley.

BibTeX export options can be customized via Options -> BibTeX in Mendeley Desktop

@incollection{Ohala1981,
address = {Chicago},
author = {Ohala, John J},
booktitle = {Papers from the parasession on language and behavior},
editor = {Masek, Carrie and Hendrick, Roberta and Miller, Mary Frances},
pages = {178--203},
publisher = {Chicago Linguistics Society},
title = {{The listener as a source of sound change}},
year = {1981}
}
@book{Labov2001b,
address = {Oxford},
author = {Labov, William},
publisher = {Blackwell},
title = {{Principles of Linguistic Change: Social Factors}},
year = {2001}
}
