Automatically generated by Mendeley Desktop 1.18
Any changes to this file will be lost if it is regenerated by Mendeley.

BibTeX export options can be customized via Options -> BibTeX in Mendeley Desktop

@misc{Golash-Boza2010,
author = {Golash-Boza, Tanya},
booktitle = {Get a Life, PhD},
title = {{Ten ways you can write every day}},
url = {http://getalifephd.blogspot.com/2010/05/seven-ways-you-can-write-every-day.html},
urldate = {2019-10-16},
year = {2010}
}
@misc{Ellsworth-Krebs2015,
author = {Ellsworth-Krebs, Katherine},
booktitle = {patter},
title = {{Why you should start an academic writing group}},
url = {https://patthomson.net/2015/03/19/4033/},
urldate = {2019-10-16},
year = {2015}
}
@book{single2009demystifying,
author = {Single, Peg Boyle},
publisher = {Stylus Publishing, LLC.},
title = {{Demystifying dissertation writing: A streamlined process from choice of topic to final text}},
year = {2009}
}
@book{BelcherWendyLaura2009Wyja,
address = {Thousand Oaks, Calif.},
author = {Belcher, Wendy Laura},
isbn = {9781412957014},
keywords = {Scholarly publishing -- United States},
publisher = {SAGE Publications},
title = {{Writing your journal article in 12 weeks : a guide to academic publishing success}},
year = {2009}
}
@misc{Yang2019,
author = {Yang, Brenda},
booktitle = {The Novice Professor Blog},
title = {{Guest Post: Creating community-based accountability with a Daily Writing Challenge}},
url = {http://www.thenoviceprofessor.com/blog/guest-post-creating-community-based-accountability-with-a-daily-writing-challenge},
urldate = {2019-10-16},
year = {2019}
}
